@book {Fulton,
    AUTHOR = {Fulton, William},
     TITLE = {{I}ntersection {T}heory},
    SERIES = {{E}rgebnisse der {M}athematik und ihrer {G}renzgebiete. 3. {F}olge. {A} {S}eries of {M}odern {S}urveys in {M}athematics [{R}esults in {M}athematics and {R}elated {A}reas. 3rd {s}eries. {A} {S}eries of {M}odern {S}urveys in {M}athematics]},
    VOLUME = {2},
   EDITION = {Second},
 PUBLISHER = {Springer-Verlag},
   ADDRESS = {Berlin},
      YEAR = {1998},
     PAGES = {xiv+470},
      ISBN = {3-540-62046-X; 0-387-98549-2},
   MRCLASS = {14C17 (14-02)},
  MRNUMBER = {MR1644323 (99d:14003)},
}

@book {Fulton2,
    AUTHOR = {Fulton, William},
     TITLE = {{A}gebraic {C}urves. {A}n {I}ntroduction to {A}lgebraic {G}eometry},
      NOTE = {Notes written with the collaboration of Richard Weiss, Mathematics Lecture Notes Series},
 PUBLISHER = {W. A. Benjamin, Inc., New York-Amsterdam},
      YEAR = {1969},
     PAGES = {xiii+226},
   MRCLASS = {14-01},
  MRNUMBER = {0313252 (47 \#1807)},
MRREVIEWER = {Joseph Lipman},
}

@article {Laumon1975,
    AUTHOR = {Laumon, G{\'e}rard},
     TITLE = {{D}egr\'e de la vari\'et\'e duale d'une hypersurface \`a singularit\'es isol\'ees},
   JOURNAL = {Bulletin de la Soci\'et\'e Math\'ematique de France},
    VOLUME = {104},
      YEAR = {1976},
    NUMBER = {1},
     PAGES = {51--63},
      ISSN = {0037-9484},
   MRCLASS = {14B05 (14N10)},
  MRNUMBER = {0414549},
MRREVIEWER = {Richard Randell},
}

@phdthesis{Liu_these,
    AUTHOR = {Liu, Chunhui},
     TITLE = {{C}omptage des points rationnels dans les vari\'et\'es arithm\'etiques},
    SCHOOL = {Universit\'e Paris Diderot - Paris 7},
   ADDRESS = {Paris},
      YEAR = 2016,
}

@ARTICLE{Liu-multiplicity,
  AUTHOR = {Liu, Chunhui},
   TITLE = {{C}omptage des multiplicit\'es dans une hypersurface sur un corps fini},
 JOURNAL = {\url{arxiv:1606.09337}},
    YEAR = {2016},
}

@book {Hindry,
    AUTHOR = {Hindry, Marc and Silverman, Joseph H.},
     TITLE = {{D}iophantine {G}eometry},
    SERIES = {{G}raduate {T}exts in {M}athematics},
    VOLUME = {201},
      NOTE = {An introduction},
 PUBLISHER = {Springer-Verlag, New York},
      YEAR = {2000},
     PAGES = {xiv+558},
      ISBN = {0-387-98975-7; 0-387-98981-1},
   MRCLASS = {11Gxx (11-02 11G10 11G30 11G50 14G25)},
  MRNUMBER = {1745599 (2001e:11058)},
MRREVIEWER = {Dino J. Lorenzini},
       DOI = {10.1007/978-1-4612-1210-2},
       URL = {http://dx.doi.org/10.1007/978-1-4612-1210-2},
}

@book {GaoXiaThesis,
    AUTHOR = {Gao, Xia},
     TITLE = {On {N}orthcott's {T}heorem},
      NOTE = {Thesis (Ph.D.)--University of Colorado at Boulder},
 PUBLISHER = {ProQuest LLC, Ann Arbor, MI},
      YEAR = {1995},
     PAGES = {112},
   MRCLASS = {Thesis},
  MRNUMBER = {2693933},
       URL = {http://gateway.proquest.com/openurl?url_ver=Z39.88-2004&rft_val_fmt=info:ofi/fmt:kev:mtx:dissertation&res_dat=xri:pqdiss&rft_dat=xri:pqdiss:9620624},
}

@article {Schanuel,
    AUTHOR = {Schanuel, Stephen Hoel},
     TITLE = {{H}eights in number fields},
   JOURNAL = {Bulletin de la Soci\'et\'e Math\'ematique de France},
    VOLUME = {107},
      YEAR = {1979},
    NUMBER = {4},
     PAGES = {433--449},
      ISSN = {0037-9484},
     CODEN = {BSMFAA},
   MRCLASS = {12A99 (10B45 14G25)},
  MRNUMBER = {557080 (81c:12025)},
MRREVIEWER = {Michel Waldschmidt},
       URL = {http://www.numdam.org/item?id=BSMF_1979__107__433_0},
}

@book {LangANT,
    AUTHOR = {Lang, Serge},
     TITLE = {{A}lgebraic {N}umber {T}heory},
    SERIES = {{G}raduate {T}exts in {M}athematics},
    VOLUME = {110},
   EDITION = {Second},
 PUBLISHER = {Springer-Verlag, New York},
      YEAR = {1994},
     PAGES = {xiv+357},
      ISBN = {0-387-94225-4},
   MRCLASS = {11Rxx (11-01 11-02)},
  MRNUMBER = {1282723},
MRREVIEWER = {M. Ram Murty},
       DOI = {10.1007/978-1-4612-0853-2},
       URL = {http://dx.doi.org/10.1007/978-1-4612-0853-2},
}

@article {LvIdealCounting,
    AUTHOR = {L\"u, Guangshi},
     TITLE = {{M}ean values connected with the {D}edekind zeta-function of a non-normal cubic field},
   JOURNAL = {Central European Journal of Mathematics},
    VOLUME = {11},
      YEAR = {2013},
    NUMBER = {2},
     PAGES = {274--282},
      ISSN = {1895-1074},
   MRCLASS = {11N37 (11F66)},
  MRNUMBER = {3000644},
MRREVIEWER = {A. Perelli},
       DOI = {10.2478/s11533-012-0133-4},
       URL = {http://dx.doi.org/10.2478/s11533-012-0133-4},
}

@article {MurtyCounting,
    AUTHOR = {Murty, M. Ram and Van Order, Jeanine},
     TITLE = {{C}ounting integral ideals in a number field},
   JOURNAL = {Expositiones Mathematicae},
    VOLUME = {25},
      YEAR = {2007},
    NUMBER = {1},
     PAGES = {53--66},
      ISSN = {0723-0869},
   MRCLASS = {11R45 (11R42)},
  MRNUMBER = {2286834},
MRREVIEWER = {Michael E. Pohst},
       DOI = {10.1016/j.exmath.2006.08.001},
       URL = {http://dx.doi.org/10.1016/j.exmath.2006.08.001},
}

@book {Samuel-NT,
    AUTHOR = {Samuel, Pierre},
     TITLE = {{T}h\'eorie {A}lg\'ebrique des {N}ombres},
 PUBLISHER = {Hermann, Paris},
      YEAR = {1967},
     PAGES = {130},
   MRCLASS = {10.65 (12.00)},
  MRNUMBER = {0215808 (35 \#6643)},
MRREVIEWER = {O. F. G. Schilling},
}

@book {SamuelLocAlg,
    AUTHOR = {Samuel, Pierre},
     TITLE = {{A}lg\`ebre {L}ocale},
    SERIES = {M\'emorial des Sciences Math\'emathiques, fascicule 123},
 PUBLISHER = {Gauthier-Villars, Paris},
      YEAR = {1953},
     PAGES = {76},
   MRCLASS = {14.0X},
  MRNUMBER = {0054995 (14,1012c)},
MRREVIEWER = {C. Chevalley},
}

@book {Samuel,
    AUTHOR = {Samuel, Pierre},
     TITLE = {M\'ethodes d'{A}lg\`ebre {A}bstraite en {G}\'eom\'etrie {A}lg\'ebrique},
    SERIES = {Seconde \'edition, corrig\'ee. {E}rgebnisse der {M}athematik und ihrer {G}renzgebiete, {B}and 4},
 PUBLISHER = {Springer-Verlag, Berlin-New York},
      YEAR = {1967},
     PAGES = {xii+133},
   MRCLASS = {14.00},
  MRNUMBER = {0213347 (35 \#4211)},
}

@book {Browning-PM277,
    AUTHOR = {Browning, Timothy D.},
     TITLE = {{Q}uantitative {A}rithmetic of {P}rojective {V}arieties},
    SERIES = {{P}rogress in {M}athematics},
    VOLUME = {277},
 PUBLISHER = {Birkh\"auser Verlag, Basel},
      YEAR = {2009},
     PAGES = {xiv+160},
      ISBN = {978-3-0346-0128-3},
   MRCLASS = {11-02 (11D45 11G35 14G05 14G25)},
  MRNUMBER = {2559866},
MRREVIEWER = {Robert Juricevic},
       DOI = {10.1007/978-3-0346-0129-0},
       URL = {http://dx.doi.org/10.1007/978-3-0346-0129-0},
}

@article {Schmidt1995,
    AUTHOR = {Schmidt, Wolfgang M.},
     TITLE = {{N}orthcott's theorem on heights. {II}. {T}he quadratic case},
   JOURNAL = {Acta Arithmetica},
    VOLUME = {70},
      YEAR = {1995},
    NUMBER = {4},
     PAGES = {343--375},
      ISSN = {0065-1036},
   MRCLASS = {11G35 (11D75 14G25)},
  MRNUMBER = {1330740},
MRREVIEWER = {Joseph H. Silverman},
}

@article {Guignard2017,
    AUTHOR = {Guignard, Quentin},
     TITLE = {{C}ounting algebraic points of bounded height on projective spaces},
   JOURNAL = {Journal of Number Theory},
    VOLUME = {170},
      YEAR = {2017},
     PAGES = {103--141},
      ISSN = {0022-314X},
   MRCLASS = {11G50},
  MRNUMBER = {3541701},
MRREVIEWER = {Jan Steffen M\"uller},
       DOI = {10.1016/j.jnt.2016.06.008},
       URL = {http://dx.doi.org/10.1016/j.jnt.2016.06.008},
}

@article {MasserVaaler2007,
    AUTHOR = {Masser, David and Vaaler, Jeffrey D.},
     TITLE = {{C}ounting algebraic numbers with large height. {II}},
   JOURNAL = {Transactions of the American Mathematical Society},
    VOLUME = {359},
      YEAR = {2007},
    NUMBER = {1},
     PAGES = {427--445},
      ISSN = {0002-9947},
   MRCLASS = {11R04 (11G50 11Y40)},
  MRNUMBER = {2247898},
MRREVIEWER = {Vichian Laohakosol},
       DOI = {10.1090/S0002-9947-06-04115-8},
       URL = {http://dx.doi.org/10.1090/S0002-9947-06-04115-8},
}

@article {LeRudulier2014,
    AUTHOR = {Le Rudulier, C\'ecile},
     TITLE = {{P}oints alg\'ebriques de hauteur born\'ee sur la droite projective},
   JOURNAL = {Journal de Th\'eorie des Nombres de Bordeaux},
    VOLUME = {26},
      YEAR = {2014},
    NUMBER = {3},
     PAGES = {789--813},
      ISSN = {1246-7405},
   MRCLASS = {14G40 (11G50 14G05)},
  MRNUMBER = {3320501},
MRREVIEWER = {Benjamin A. Hutz},
       URL = {http://jtnb.cedram.org/item?id=JTNB_2014__26_2_789_0},
}

@book {Moriwaki-book,
    AUTHOR = {Moriwaki, Atsushi},
     TITLE = {{A}rakelov {G}eometry},
    SERIES = {Translations of Mathematical Monographs},
    VOLUME = {244},
      NOTE = {Translated from the 2008 Japanese original},
 PUBLISHER = {American Mathematical Society, Providence, RI},
      YEAR = {2014},
     PAGES = {x+285},
      ISBN = {978-1-4704-1074-2},
   MRCLASS = {14-02 (14G40)},
  MRNUMBER = {3244206},
}

@article {Faltings91,
    AUTHOR = {Faltings, Gerd},
     TITLE = {{D}iophantine approximation on abelian varieties},
   JOURNAL = {Annals of Mathematics. Second Series},
    VOLUME = {133},
      YEAR = {1991},
    NUMBER = {3},
     PAGES = {549--576},
      ISSN = {0003-486X},
     CODEN = {ANMAAH},
   MRCLASS = {11G10 (11J99)},
  MRNUMBER = {1109353 (93d:11066)},
MRREVIEWER = {Joseph H. Silverman},
       DOI = {10.2307/2944319},
       URL = {http://dx.doi.org/10.2307/2944319},
}

@ARTICLE{BGS94,
    AUTHOR = {Bost, Jean-Beno{\^{\i}}t and Gillet, Henri and Soul{\'e}, Christophe},
     TITLE = {{H}eights of projective varieties},
   JOURNAL = {Journal of the {A}merican {M}athematical {S}ociety},
      YEAR = {1994},
    VOLUME = {7},
    NUMBER = {4},
     PAGES = {903-1027},
     MONTH = {October},
}

@book {SerreLocAlg,
    AUTHOR = {Serre, Jean-Pierre},
     TITLE = {{L}ocal {A}lgebra},
    SERIES = {{S}pringer {M}onographs in {M}athematics},
      NOTE = {Translated from the French by CheeWhye Chin and revised by the author},
 PUBLISHER = {Springer-Verlag},
   ADDRESS = {Berlin},
      YEAR = {2000},
     PAGES = {xiv+128},
      ISBN = {3-540-66641-9},
   MRCLASS = {13-01 (13D05 13H05 13H15)},
  MRNUMBER = {1771925 (2001b:13001)},
}

@article {Heath-Brown,
    AUTHOR = {Heath-Brown, D. R.},
     TITLE = {{T}he density of rational points on curves and surfaces},
   JOURNAL = {Annals of Mathematics. Second Series},
    VOLUME = {155},
      YEAR = {2002},
    NUMBER = {2},
     PAGES = {553--595},
      ISSN = {0003-486X},
     CODEN = {ANMAAH},
   MRCLASS = {11G35 (11G50 14G05 14G40)},
  MRNUMBER = {MR1906595 (2003d:11091)},
MRREVIEWER = {Carlo Gasbarri},
}

@article {Browning_Heath05,
    AUTHOR = {Browning, T. D. and Heath-Brown, D. R.},
     TITLE = {{C}ounting rational points on hypersurfaces},
   JOURNAL = {Journal f\"ur die Reine und Angewandte Mathematik},
    VOLUME = {584},
      YEAR = {2005},
     PAGES = {83--115},
      ISSN = {0075-4102},
     CODEN = {JRMAA8},
   MRCLASS = {14G05 (11G35 14J70)},
  MRNUMBER = {MR2155086 (2006d:14021)},
MRREVIEWER = {Tam{\'a}s Szamuely},
}

@article {Browning_Heath06I,
    AUTHOR = {Browning, T. D. and Heath-Brown, D. R.},
     TITLE = {{T}he density of rational points on non-singular hypersurfaces. {I}},
   JOURNAL = {The Bulletin of the London Mathematical Society},
    VOLUME = {38},
      YEAR = {2006},
    NUMBER = {3},
     PAGES = {401--410},
      ISSN = {0024-6093},
     CODEN = {LMSBBT},
   MRCLASS = {11G35 (11P05 14G05)},
  MRNUMBER = {MR2239034},
}

@article {Browning_Heath06II,
    AUTHOR = {Browning, T. D. and Heath-Brown, D. R.},
     TITLE = {{T}he density of rational points on non-singular hypersurfaces. {II}},
      NOTE = {With an appendix by J. M. Starr},
   JOURNAL = {Proceedings of the London Mathematical Society. Third Series},
    VOLUME = {93},
      YEAR = {2006},
    NUMBER = {2},
     PAGES = {273--303},
      ISSN = {0024-6115},
     CODEN = {PLMTAL},
   MRCLASS = {11D45 (11G35 14G05)},
  MRNUMBER = {MR2251154},
}

@article {Bro_HeathB_Salb,
    AUTHOR = {Browning, T. D. and Heath-Brown, D. R. and Salberger, P.},
     TITLE = {{C}ounting rational points on algebraic varieties},
   JOURNAL = {Duke Mathematical Journal},
    VOLUME = {132},
      YEAR = {2006},
    NUMBER = {3},
     PAGES = {545--578},
      ISSN = {0012-7094},
     CODEN = {DUMJAO},
   MRCLASS = {11G35 (14G05)},
  MRNUMBER = {MR2219267},
}

@article {Salberger07,
    AUTHOR = {Salberger, Per},
     TITLE = {{O}n the density of rational and integral points on algebraic varieties},
   JOURNAL = {Journal f\"ur die Reine und Angewandte Mathematik},
    VOLUME = {606},
      YEAR = {2007},
     PAGES = {123--147},
      ISSN = {0075-4102},
     CODEN = {JRMAA8},
   MRCLASS = {14G05 (11G35)},
  MRNUMBER = {MR2337644},
}

@book {GTM52,
    AUTHOR = {Hartshorne, Robin},
     TITLE = {{A}lgebraic {G}eometry},
    SERIES = {{G}raduate {T}exts in {M}athematics},
    VOLUME = {52},
 PUBLISHER = {Springer-Verlag},
   ADDRESS = {New York},
      YEAR = {1977},
     PAGES = {xvi+496},
      ISBN = {0-387-90244-9},
   MRCLASS = {14-01},
  MRNUMBER = {0463157 (57 \#3116)},
MRREVIEWER = {Robert Speiser},
}

@book {LiuQing,
    AUTHOR = {Liu, Qing},
     TITLE = {{A}lgebraic {G}eometry and {A}rithmetic {C}urves},
    SERIES = {{O}xford {G}raduate {T}exts in {M}athematics},
    VOLUME = {6},
      NOTE = {Translated from the French by Reinie Ern{\'e}, Oxford Science Publications},
 PUBLISHER = {Oxford University Press},
   ADDRESS = {Oxford},
      YEAR = {2002},
     PAGES = {xvi+576},
      ISBN = {0-19-850284-2},
   MRCLASS = {14-01 (11G30 14A05 14A15 14Gxx 14Hxx)},
  MRNUMBER = {1917232 (2003g:14001)},
MRREVIEWER = {C{\'{\i}}cero Fernandes de Carvalho},
}

@book {silverman1,
    AUTHOR = {Silverman, Joseph H.},
     TITLE = {{T}he {A}rithmetic of {E}lliptic {C}urves},
    SERIES = {{G}raduate {T}exts in {M}athematics},
    VOLUME = {106},
   EDITION = {Second},
 PUBLISHER = {Springer, Dordrecht},
      YEAR = {2009},
     PAGES = {xx+513},
      ISBN = {978-0-387-09493-9},
   MRCLASS = {11-02 (11G05 11G20 14H52 14K15)},
  MRNUMBER = {2514094},
MRREVIEWER = {Vasil\cprime  \=I. Andr\=\i \u\i chuk},
       URL = {https://doi.org/10.1007/978-0-387-09494-6},
}

@book {silverman2,
    AUTHOR = {Silverman, Joseph H.},
     TITLE = {{A}dvanced {T}opics in the {A}rithmetic of {E}lliptic {C}urves},
    SERIES = {{G}raduate {T}exts in {M}athematics},
    VOLUME = {151},
 PUBLISHER = {Springer-Verlag, New York},
      YEAR = {1994},
     PAGES = {xiv+525},
      ISBN = {0-387-94328-5},
   MRCLASS = {11G05 (11G07 11G15 11G40 14H52)},
  MRNUMBER = {1312368},
MRREVIEWER = {Henri Darmon},
       URL = {https://doi.org/10.1007/978-1-4612-0851-8},
}

@book {heights,
    AUTHOR = {Bombieri, Enrico and Gubler, Walter},
     TITLE = {{H}eights in {D}iophantine {G}eometry},
    SERIES = {{N}ew {M}athematical {M}onographs},
    VOLUME = {4},
 PUBLISHER = {Cambridge University Press, Cambridge},
      YEAR = {2006},
     PAGES = {xvi+652},
      ISBN = {978-0-521-84615-8; 0-521-84615-3},
   MRCLASS = {11G50 (11-02 11G10 11G30 11J68 14G40)},
  MRNUMBER = {2216774},
MRREVIEWER = {Yuri Bilu},
       URL = {https://doi.org/10.1017/CBO9780511542879},
}

@book{hartshorne_ch,
    AUTHOR = {哈茨霍恩, R. and 冯克勤 and 刘木兰 and 胥鸣伟},
     TITLE = {代数几何},
    SERIES = {数学名著译丛},
 PUBLISHER = {科学出版社},
   ADDRESS = {北京},
      YEAR = {2001},
      LANG = {zh},
}

@book{YinLinsheng,
    AUTHOR = {加藤和也 and 黑川信重 and 斎藤毅 著 and 胥鸣伟 and 印林生 译},
     TITLE = {数论{I} —— {F}ermat 的梦想和类域论},
    SERIES = {现代数学基础},
    VOLUME = {12},
 PUBLISHER = {高等教育出版社},
   ADDRESS = {北京},
      YEAR = {2009},
      LANG = {zh},
}

@book{LiJinghui,
    AUTHOR = {黎景辉},
     TITLE = {代数数论},
    SERIES = {现代数学基础},
    VOLUME = {58},
 PUBLISHER = {北京: 高等教育出版社},
      YEAR = {2016},
      LANG = {zh},
}

@book{GraphTheory_ch,
    AUTHOR = {韦斯特, D. and 骆吉洲 and 李建中},
     TITLE = {图论导引},
    SERIES = {经典译丛 信息网络技术与网络科学},
 PUBLISHER = {电子工业出版社},
   ADDRESS = {北京},
      YEAR = {2014},
      LANG = {zh},
}

@book{FuLei,
    AUTHOR = {扶磊},
     TITLE = {{A}lgebraic {G}eometry},
    SERIES = {研究生数学丛书},
    VOLUME = {6},
 PUBLISHER = {清华大学出版社},
   ADDRESS = {北京},
      YEAR = {2006},
      LANG = {zh},
}

@book {FGA,
    AUTHOR = {Fantechi, B. et al.},
     TITLE = {{F}undamental {A}lgebraic {G}eometry: {G}rothendieck's {FGA} {E}xplained},
    SERIES = {{M}athematical {S}urveys and {M}onographs},
    VOLUME = {123},
 PUBLISHER = {American Mathematical Society},
      YEAR = {2005},
      ISBN = {9780821835418},
}

@article {ZhangShouwu,
    AUTHOR = {Zhang, Shouwu},
     TITLE = {Small points and adelic metrics},
   JOURNAL = {J. Algebraic Geom.},
  FJOURNAL = {Journal of Algebraic Geometry},
    VOLUME = {4},
      YEAR = {1995},
    NUMBER = {2},
     PAGES = {281--300},
      ISSN = {1056-3911},
   MRCLASS = {14G40},
  MRNUMBER = {1311351},
MRREVIEWER = {Antoine Chambert-Loir},
}

@article {Peyre,
    AUTHOR = {Peyre, Emmanuel},
     TITLE = {{H}auteurs et mesures de {T}amagawa sur les vari\'et\'es de {F}ano},
   JOURNAL = {Duke Math. J.},
  FJOURNAL = {Duke Mathematical Journal},
    VOLUME = {79},
      YEAR = {1995},
    NUMBER = {1},
     PAGES = {101--218},
      ISSN = {0012-7094},
   MRCLASS = {11G35 (14G05 14J45)},
  MRNUMBER = {1340296},
MRREVIEWER = {Shouwu Zhang},
       URL = {https://doi.org/10.1215/S0012-7094-95-07904-6},
}

@book {GTM150,
    AUTHOR = {Eisenbud, David},
     TITLE = {{C}ommutative {A}lgebra},
    SERIES = {{G}raduate {T}exts in {M}athematics},
    VOLUME = {150},
      NOTE = {{W}ith a view toward algebraic geometry},
 PUBLISHER = {Springer-Verlag},
   ADDRESS = {New York},
      YEAR = {1995},
     PAGES = {xvi+785},
      ISBN = {0-387-94268-8; 0-387-94269-6},
   MRCLASS = {13-01 (14A05)},
  MRNUMBER = {MR1322960 (97a:13001)},
MRREVIEWER = {Matthew Miller},
}

@book {EGAII,
    AUTHOR = {Grothendieck, A.},
     TITLE = {\'{E}l\'ements de {G}\'eom\'etrie {A}lg\'ebrique. {II}. \'{E}tude {G}lobale \'{E}l\'ementaire de {Q}uelques {C}lasses de {M}orphismes},
   JOURNAL = {Inst. Hautes \'Etudes Sci. Publ. Math.},
  FJOURNAL = {Institut des Hautes \'Etudes Scientifiques. Publications Math\'ematiques},
    NUMBER = {8},
      YEAR = {1961},
     PAGES = {222},
      ISSN = {0073-8301},
   MRCLASS = {14.05},
  MRNUMBER = {0163909 (29 \#1208)},
}

@book {Joins,
    AUTHOR = {Flenner, H. and O'Carroll, L. and Vogel, W.},
     TITLE = {{J}oins and {I}ntersections},
    SERIES = {Springer Monographs in Mathematics},
 PUBLISHER = {Springer-Verlag, Berlin},
      YEAR = {1999},
     PAGES = {vi+307},
      ISBN = {3-540-66319-3},
   MRCLASS = {14C17 (13H15 14-02)},
  MRNUMBER = {1724388 (2001b:14010)},
MRREVIEWER = {L{\^e} Tu{\^a}n Hoa},
       DOI = {10.1007/978-3-662-03817-8},
       URL = {http://dx.doi.org/10.1007/978-3-662-03817-8},
}
